@article{RN6,
   author = {Ali, H. R. and Dariush, A. and Thomas, J. and Provenzano, E. and Dunn, J. and Hiller, L. and Vallier, A. L. and Abraham, J. and Piper, T. and Bartlett, J. M. S. and Cameron, D. A. and Hayward, L. and Brenton, J. D. and Pharoah, P. D. P. and Irwin, M. J. and Walton, N. A. and Earl, H. M. and Caldas, C.},
   title = {Lymphocyte density determined by computational pathology validated as a predictor of response to neoadjuvant chemotherapy in breast cancer: secondary analysis of the ARTemis trial},
   journal = {Ann Oncol},
   volume = {28},
   number = {8},
   pages = {1832-1835},
   ISSN = {1569-8041},
   DOI = {10.1093/annonc/mdx266},
   url = {https://www.ncbi.nlm.nih.gov/pubmed/28525534},
   year = {2017},
   type = {Journal Article}
}

@article{RN28,
   author = {Bindea, G. and Mlecnik, B. and Tosolini, M. and Kirilovsky, A. and Waldner, M. and Obenauf, A. C. and Angell, H. and Fredriksen, T. and Lafontaine, L. and Berger, A. and Bruneval, P. and Fridman, W. H. and Becker, C. and Pagès, F. and Speicher, M. R. and Trajanoski, Z. and Galon, J.},
   title = {Spatiotemporal dynamics of intratumoral immune cells reveal the immune landscape in human cancer},
   journal = {Immunity},
   volume = {39},
   number = {4},
   pages = {782-95},
   ISSN = {1097-4180},
   DOI = {10.1016/j.immuni.2013.10.003},
   url = {https://www.ncbi.nlm.nih.gov/pubmed/24138885},
   year = {2013},
   type = {Journal Article}
}

@article{RN34,
   author = {Biton, J. and Mansuet-Lupo, A. and Pécuchet, N. and Alifano, M. and Ouakrim, H. and Arrondeau, J. and Boudou-Rouquette, P. and Goldwasser, F. and Leroy, K. and Goc, J. and Wislez, M. and Germain, C. and Laurent-Puig, P. and Dieu-Nosjean, M. C. and Cremer, I. and Herbst, R. and Blons, H. and Damotte, D.},
   title = {, and},
   journal = {Clin Cancer Res},
   volume = {24},
   number = {22},
   pages = {5710-5723},
   ISSN = {1078-0432},
   DOI = {10.1158/1078-0432.CCR-18-0163},
   url = {https://www.ncbi.nlm.nih.gov/pubmed/29764856},
   year = {2018},
   type = {Journal Article}
}

@article{RN11,
   author = {Bowtell, D. D. and Böhm, S. and Ahmed, A. A. and Aspuria, P. J. and Bast, R. C. and Beral, V. and Berek, J. S. and Birrer, M. J. and Blagden, S. and Bookman, M. A. and Brenton, J. D. and Chiappinelli, K. B. and Martins, F. C. and Coukos, G. and Drapkin, R. and Edmondson, R. and Fotopoulou, C. and Gabra, H. and Galon, J. and Gourley, C. and Heong, V. and Huntsman, D. G. and Iwanicki, M. and Karlan, B. Y. and Kaye, A. and Lengyel, E. and Levine, D. A. and Lu, K. H. and McNeish, I. A. and Menon, U. and Narod, S. A. and Nelson, B. H. and Nephew, K. P. and Pharoah, P. and Powell, D. J. and Ramos, P. and Romero, I. L. and Scott, C. L. and Sood, A. K. and Stronach, E. A. and Balkwill, F. R.},
   title = {Rethinking ovarian cancer II: reducing mortality from high-grade serous ovarian cancer},
   journal = {Nat Rev Cancer},
   volume = {15},
   number = {11},
   pages = {668-79},
   ISSN = {1474-1768},
   url = {https://www.ncbi.nlm.nih.gov/pubmed/26493647},
   year = {2015},
   type = {Journal Article}
}

@article{RN25,
   author = {Chen, D. S. and Mellman, I.},
   title = {Elements of cancer immunity and the cancer-immune set point},
   journal = {Nature},
   volume = {541},
   number = {7637},
   pages = {321-330},
   ISSN = {1476-4687},
   DOI = {10.1038/nature21349},
   url = {https://www.ncbi.nlm.nih.gov/pubmed/28102259},
   year = {2017},
   type = {Journal Article}
}

@article{RN37,
   author = {Clarke, B. and Tinker, A. V. and Lee, C. H. and Subramanian, S. and van de Rijn, M. and Turbin, D. and Kalloger, S. and Han, G. and Ceballos, K. and Cadungog, M. G. and Huntsman, D. G. and Coukos, G. and Gilks, C. B.},
   title = {Intraepithelial T cells and prognosis in ovarian carcinoma: novel associations with stage, tumor type, and BRCA1 loss},
   journal = {Mod Pathol},
   volume = {22},
   number = {3},
   pages = {393-402},
   ISSN = {1530-0285},
   DOI = {10.1038/modpathol.2008.191},
   url = {https://www.ncbi.nlm.nih.gov/pubmed/19060844},
   year = {2009},
   type = {Journal Article}
}

@article{RN12,
   author = {Dai, Y. and Sun, C. and Feng, Y. and Jia, Q. and Zhu, B.},
   title = {Potent immunogenicity in BRCA1-mutated patients with high-grade serous ovarian carcinoma},
   journal = {J Cell Mol Med},
   ISSN = {1582-4934},
   DOI = {10.1111/jcmm.13678},
   url = {https://www.ncbi.nlm.nih.gov/pubmed/29855141},
   year = {2018},
   type = {Journal Article}
}

@article{RN8,
   author = {Dieu-Nosjean, M. C. and Antoine, M. and Danel, C. and Heudes, D. and Wislez, M. and Poulot, V. and Rabbe, N. and Laurans, L. and Tartour, E. and de Chaisemartin, L. and Lebecque, S. and Fridman, W. H. and Cadranel, J.},
   title = {Long-term survival for patients with non-small-cell lung cancer with intratumoral lymphoid structures},
   journal = {J Clin Oncol},
   volume = {26},
   number = {27},
   pages = {4410-7},
   ISSN = {1527-7755},
   DOI = {10.1200/JCO.2007.15.0284},
   url = {https://www.ncbi.nlm.nih.gov/pubmed/18802153},
   year = {2008},
   type = {Journal Article}
}

@article{RN36,
   author = {Dong, Y. and Richards, J. A. and Gupta, R. and Aung, P. P. and Emley, A. and Kluger, Y. and Dogra, S. K. and Mahalingam, M. and Wajapeyee, N.},
   title = {PTEN functions as a melanoma tumor suppressor by promoting host immune response},
   journal = {Oncogene},
   volume = {33},
   number = {38},
   pages = {4632-42},
   ISSN = {1476-5594},
   DOI = {10.1038/onc.2013.409},
   url = {https://www.ncbi.nlm.nih.gov/pubmed/24141770},
   year = {2014},
   type = {Journal Article}
}

@article{RN5,
   author = {Fridman, W. H. and Zitvogel, L. and Sautès-Fridman, C. and Kroemer, G.},
   title = {The immune contexture in cancer prognosis and treatment},
   journal = {Nat Rev Clin Oncol},
   volume = {14},
   number = {12},
   pages = {717-734},
   ISSN = {1759-4782},
   DOI = {10.1038/nrclinonc.2017.101},
   url = {https://www.ncbi.nlm.nih.gov/pubmed/28741618},
   year = {2017},
   type = {Journal Article}
}

@article{RN2,
   author = {Goode, E. L. and Block, M. S. and Kalli, K. R. and Vierkant, R. A. and Chen, W. and Fogarty, Z. C. and Gentry-Maharaj, A. and Tołoczko, A. and Hein, A. and Bouligny, A. L. and Jensen, A. and Osorio, A. and Hartkopf, A. and Ryan, A. and Chudecka-Głaz, A. and Magliocco, A. M. and Hartmann, A. and Jung, A. Y. and Gao, B. and Hernandez, B. Y. and Fridley, B. L. and McCauley, B. M. and Kennedy, C. J. and Wang, C. and Karpinskyj, C. and de Sousa, C. B. and Tiezzi, D. G. and Wachter, D. L. and Herpel, E. and Taran, F. A. and Modugno, F. and Nelson, G. and Lubiński, J. and Menkiszak, J. and Alsop, J. and Lester, J. and García-Donas, J. and Nation, J. and Hung and Palacios, J. and Rothstein, J. H. and Kelley, J. L. and de Andrade, J. M. and Robles-Díaz, L. and Intermaggio, M. P. and Widschwendter, M. and Beckmann, M. W. and Ruebner, M. and Jimenez-Linan, M. and Singh, N. and Oszurek, O. and Harnett, P. R. and Rambau, P. F. and Sinn, P. and Wagner, P. and Ghatage, P. and Sharma, R. and Edwards, R. P. and Ness, R. B. and Orsulic, S. and Brucker, S. Y. and Johnatty, S. E. and Longacre, T. A. and Ursula, E. and McGuire, V. and Sieh, W. and Natanzon, Y. and Li, Z. and Whittemore, A. S. and Anna, A. and Staebler, A. and Karlan, B. Y. and Gilks, B. and Bowtell, D. D. and Høgdall, E. and Candido dos Reis, F. J. and Steed, H. and Campbell, I. G. and Gronwald, J. and Benítez, J. and Koziak, J. M. and Chang-Claude, J. and Moysich, K. B. and Kelemen, L. E. and Cook, L. S. and Goodman, M. T. and García, M. J. and Fasching, P. A. and Kommoss, S. and Deen, S. and Kjaer, S. K. and Menon, U. and Brenton, J. D. and Pharoah, P. D. P. and Chenevix-Trench, G. and Huntsman, D. G. and Winham, S. J. and Köbel, M. and Ramus, S. J. and Consortium, Ovarian Tumor Tissue Analysis},
   title = {Dose-Response Association of CD8+ Tumor-Infiltrating Lymphocytes and Survival Time in High-Grade Serous Ovarian Cancer},
   journal = {JAMA Oncol},
   volume = {3},
   number = {12},
   pages = {e173290},
   ISSN = {2374-2445},
   DOI = {10.1001/jamaoncol.2017.3290},
   url = {https://www.ncbi.nlm.nih.gov/pubmed/29049607},
   year = {2017},
   type = {Journal Article}
}

@article{RN24,
   author = {Haanen, J. B. A. G.},
   title = {Converting Cold into Hot Tumors by Combining Immunotherapies},
   journal = {Cell},
   volume = {170},
   number = {6},
   pages = {1055-1056},
   ISSN = {1097-4172},
   DOI = {10.1016/j.cell.2017.08.031},
   url = {https://www.ncbi.nlm.nih.gov/pubmed/28886376},
   year = {2017},
   type = {Journal Article}
}

@article{RN35,
   author = {Ham, S. W. and Jeon, H. Y. and Jin, X. and Kim, E. J. and Kim, J. K. and Shin, Y. J. and Lee, Y. and Kim, S. H. and Lee, S. Y. and Seo, S. and Park, M. G. and Kim, H. M. and Nam, D. H. and Kim, H.},
   title = {TP53 gain-of-function mutation promotes inflammation in glioblastoma},
   journal = {Cell Death Differ},
   volume = {26},
   number = {3},
   pages = {409-425},
   ISSN = {1476-5403},
   DOI = {10.1038/s41418-018-0126-3},
   url = {https://www.ncbi.nlm.nih.gov/pubmed/29786075},
   year = {2019},
   type = {Journal Article}
}

@article{RN29,
   author = {Hu, G. and Wang, S.},
   title = {Tumor-infiltrating CD45RO},
   journal = {Sci Rep},
   volume = {7},
   number = {1},
   pages = {10376},
   ISSN = {2045-2322},
   DOI = {10.1038/s41598-017-11122-2},
   url = {https://www.ncbi.nlm.nih.gov/pubmed/28871164},
   year = {2017},
   type = {Journal Article}
}

@article{RN10,
   author = {Jiménez-Sánchez, A. and Memon, D. and Pourpe, S. and Veeraraghavan, H. and Li, Y. and Vargas, H. A. and Gill, M. B. and Park, K. J. and Zivanovic, O. and Konner, J. and Ricca, J. and Zamarin, D. and Walther, T. and Aghajanian, C. and Wolchok, J. D. and Sala, E. and Merghoub, T. and Snyder, A. and Miller, M. L.},
   title = {Heterogeneous Tumor-Immune Microenvironments among Differentially Growing Metastases in an Ovarian Cancer Patient},
   journal = {Cell},
   volume = {170},
   number = {5},
   pages = {927-938.e20},
   ISSN = {1097-4172},
   DOI = {10.1016/j.cell.2017.07.025},
   url = {https://www.ncbi.nlm.nih.gov/pubmed/28841418},
   year = {2017},
   type = {Journal Article}
}

@article{RN22,
   author = {Joyce, J. A. and Fearon, D. T.},
   title = {T cell exclusion, immune privilege, and the tumor microenvironment},
   journal = {Science},
   volume = {348},
   number = {6230},
   pages = {74-80},
   ISSN = {1095-9203},
   DOI = {10.1126/science.aaa6204},
   url = {https://www.ncbi.nlm.nih.gov/pubmed/25838376},
   year = {2015},
   type = {Journal Article}
}

@article{RN19,
   author = {Köbel, M. and Piskorz, A. M. and Lee, S. and Lui, S. and LePage, C. and Marass, F. and Rosenfeld, N. and Mes Masson, A. M. and Brenton, J. D.},
   title = {Optimized p53 immunohistochemistry is an accurate predictor of},
   journal = {J Pathol Clin Res},
   volume = {2},
   number = {4},
   pages = {247-258},
   ISSN = {2056-4538},
   DOI = {10.1002/cjp2.53},
   url = {https://www.ncbi.nlm.nih.gov/pubmed/27840695},
   year = {2016},
   type = {Journal Article}
}

@article{RN4,
   author = {Kroeger, D. R. and Milne, K. and Nelson, B. H.},
   title = {Tumor-Infiltrating Plasma Cells Are Associated with Tertiary Lymphoid Structures, Cytolytic T-Cell Responses, and Superior Prognosis in Ovarian Cancer},
   journal = {Clin Cancer Res},
   volume = {22},
   number = {12},
   pages = {3005-15},
   ISSN = {1078-0432},
   DOI = {10.1158/1078-0432.CCR-15-2762},
   url = {https://www.ncbi.nlm.nih.gov/pubmed/26763251},
   year = {2016},
   type = {Journal Article}
}

@article{RN31,
   author = {Malesci, A. and Bianchi, P. and Celesti, G. and Basso, G. and Marchesi, F. and Grizzi, F. and Di Caro, G. and Cavalleri, T. and Rimassa, L. and Palmqvist, R. and Lugli, A. and Koelzer, V. H. and Roncalli, M. and Mantovani, A. and Ogino, S. and Laghi, L.},
   title = {Tumor-associated macrophages and response to 5-fluorouracil adjuvant therapy in stage III colorectal cancer},
   journal = {Oncoimmunology},
   volume = {6},
   number = {12},
   pages = {e1342918},
   ISSN = {2162-4011},
   DOI = {10.1080/2162402X.2017.1342918},
   url = {https://www.ncbi.nlm.nih.gov/pubmed/29209561},
   year = {2017},
   type = {Journal Article}
}

@article{RN33,
   author = {Mansuet-Lupo, A. and Alifano, M. and Pécuchet, N. and Biton, J. and Becht, E. and Goc, J. and Germain, C. and Ouakrim, H. and Régnard, J. F. and Cremer, I. and Laurent-Puig, P. and Dieu-Nosjean, M. C. and Blons, H. and Damotte, D.},
   title = {Intratumoral Immune Cell Densities Are Associated with Lung Adenocarcinoma Gene Alterations},
   journal = {Am J Respir Crit Care Med},
   volume = {194},
   number = {11},
   pages = {1403-1412},
   ISSN = {1535-4970},
   DOI = {10.1164/rccm.201510-2031OC},
   url = {https://www.ncbi.nlm.nih.gov/pubmed/27299180},
   year = {2016},
   type = {Journal Article}
}

@article{RN17,
   author = {Martins, F. C. and Santiago, I. and Trinh, A. and Xian, J. and Guo, A. and Sayal, K. and Jimenez-Linan, M. and Deen, S. and Driver, K. and Mack, M. and Aslop, J. and Pharoah, P. D. and Markowetz, F. and Brenton, J. D.},
   title = {Combined image and genomic analysis of high-grade serous ovarian cancer reveals PTEN loss as a common driver event and prognostic classifier},
   journal = {Genome Biol},
   volume = {15},
   number = {12},
   pages = {526},
   ISSN = {1474-760X},
   DOI = {10.1186/s13059-014-0526-8},
   url = {https://www.ncbi.nlm.nih.gov/pubmed/25608477},
   year = {2014},
   type = {Journal Article}
}

@article{RN13,
   author = {McAlpine, J. N. and Porter, H. and Köbel, M. and Nelson, B. H. and Prentice, L. M. and Kalloger, S. E. and Senz, J. and Milne, K. and Ding, J. and Shah, S. P. and Huntsman, D. G. and Gilks, C. B.},
   title = {BRCA1 and BRCA2 mutations correlate with TP53 abnormalities and presence of immune cell infiltrates in ovarian high-grade serous carcinoma},
   journal = {Mod Pathol},
   volume = {25},
   number = {5},
   pages = {740-50},
   ISSN = {1530-0285},
   DOI = {10.1038/modpathol.2011.211},
   url = {https://www.ncbi.nlm.nih.gov/pubmed/22282309},
   year = {2012},
   type = {Journal Article}
}

@article{RN3,
   author = {Milne, K. and Köbel, M. and Kalloger, S. E. and Barnes, R. O. and Gao, D. and Gilks, C. B. and Watson, P. H. and Nelson, B. H.},
   title = {Systematic analysis of immune infiltrates in high-grade serous ovarian cancer reveals CD20, FoxP3 and TIA-1 as positive prognostic factors},
   journal = {PLoS One},
   volume = {4},
   number = {7},
   pages = {e6412},
   ISSN = {1932-6203},
   DOI = {10.1371/journal.pone.0006412},
   url = {https://www.ncbi.nlm.nih.gov/pubmed/19641607},
   year = {2009},
   type = {Journal Article}
}

@article{RN27,
   author = {Montfort, A. and Pearce, O. and Maniati, E. and Vincent, B. G. and Bixby, L. and Böhm, S. and Dowe, T. and Wilkes, E. H. and Chakravarty, P. and Thompson, R. and Topping, J. and Cutillas, P. R. and Lockley, M. and Serody, J. S. and Capasso, M. and Balkwill, F. R.},
   title = {A Strong B-cell Response Is Part of the Immune Landscape in Human High-Grade Serous Ovarian Metastases},
   journal = {Clin Cancer Res},
   volume = {23},
   number = {1},
   pages = {250-262},
   ISSN = {1078-0432},
   DOI = {10.1158/1078-0432.CCR-16-0081},
   url = {https://www.ncbi.nlm.nih.gov/pubmed/27354470},
   year = {2017},
   type = {Journal Article}
}

@article{RN9,
   author = {Pagès, F. and Kirilovsky, A. and Mlecnik, B. and Asslaber, M. and Tosolini, M. and Bindea, G. and Lagorce, C. and Wind, P. and Marliot, F. and Bruneval, P. and Zatloukal, K. and Trajanoski, Z. and Berger, A. and Fridman, W. H. and Galon, J.},
   title = {In situ cytotoxic and memory T cells predict outcome in patients with early-stage colorectal cancer},
   journal = {J Clin Oncol},
   volume = {27},
   number = {35},
   pages = {5944-51},
   ISSN = {1527-7755},
   DOI = {10.1200/JCO.2008.19.6147},
   url = {https://www.ncbi.nlm.nih.gov/pubmed/19858404},
   year = {2009},
   type = {Journal Article}
}

@article{RN15,
   author = {Peng, W. and Chen, J. Q. and Liu, C. and Malu, S. and Creasy, C. and Tetzlaff, M. T. and Xu, C. and McKenzie, J. A. and Zhang, C. and Liang, X. and Williams, L. J. and Deng, W. and Chen, G. and Mbofung, R. and Lazar, A. J. and Torres-Cabala, C. A. and Cooper, Z. A. and Chen, P. L. and Tieu, T. N. and Spranger, S. and Yu, X. and Bernatchez, C. and Forget, M. A. and Haymaker, C. and Amaria, R. and McQuade, J. L. and Glitza, I. C. and Cascone, T. and Li, H. S. and Kwong, L. N. and Heffernan, T. P. and Hu, J. and Bassett, R. L. and Bosenberg, M. W. and Woodman, S. E. and Overwijk, W. W. and Lizée, G. and Roszik, J. and Gajewski, T. F. and Wargo, J. A. and Gershenwald, J. E. and Radvanyi, L. and Davies, M. A. and Hwu, P.},
   title = {Loss of PTEN Promotes Resistance to T Cell-Mediated Immunotherapy},
   journal = {Cancer Discov},
   volume = {6},
   number = {2},
   pages = {202-16},
   ISSN = {2159-8290},
   DOI = {10.1158/2159-8290.CD-15-0283},
   url = {https://www.ncbi.nlm.nih.gov/pubmed/26645196},
   year = {2016},
   type = {Journal Article}
}

@article{RN21,
   author = {Peranzoni, E. and Lemoine, J. and Vimeux, L. and Feuillet, V. and Barrin, S. and Kantari-Mimoun, C. and Bercovici, N. and Guérin, M. and Biton, J. and Ouakrim, H. and Régnier, F. and Lupo, A. and Alifano, M. and Damotte, D. and Donnadieu, E.},
   title = {Macrophages impede CD8 T cells from reaching tumor cells and limit the efficacy of anti-PD-1 treatment},
   journal = {Proc Natl Acad Sci U S A},
   volume = {115},
   number = {17},
   pages = {E4041-E4050},
   ISSN = {1091-6490},
   DOI = {10.1073/pnas.1720948115},
   url = {https://www.ncbi.nlm.nih.gov/pubmed/29632196},
   year = {2018},
   type = {Journal Article}
}

@article{RN18,
   author = {Piskorz, A. M. and Ennis, D. and Macintyre, G. and Goranova, T. E. and Eldridge, M. and Segui-Gracia, N. and Valganon, M. and Hoyle, A. and Orange, C. and Moore, L. and Jimenez-Linan, M. and Millan, D. and McNeish, I. A. and Brenton, J. D.},
   title = {Methanol-based fixation is superior to buffered formalin for next-generation sequencing of DNA from clinical cancer samples},
   journal = {Ann Oncol},
   volume = {27},
   number = {3},
   pages = {532-9},
   ISSN = {1569-8041},
   DOI = {10.1093/annonc/mdv613},
   url = {https://www.ncbi.nlm.nih.gov/pubmed/26681675},
   year = {2016},
   type = {Journal Article}
}

@article{RN23,
   author = {Ros, X. R. and Vermeulen, L.},
   title = {Turning Cold Tumors Hot by Blocking TGF-β},
   journal = {Trends Cancer},
   volume = {4},
   number = {5},
   pages = {335-337},
   ISSN = {2405-8025},
   DOI = {10.1016/j.trecan.2018.03.005},
   url = {https://www.ncbi.nlm.nih.gov/pubmed/29709256},
   year = {2018},
   type = {Journal Article}
}

@article{RN26,
   author = {Sato, E. and Olson, S. H. and Ahn, J. and Bundy, B. and Nishikawa, H. and Qian, F. and Jungbluth, A. A. and Frosina, D. and Gnjatic, S. and Ambrosone, C. and Kepner, J. and Odunsi, T. and Ritter, G. and Lele, S. and Chen, Y. T. and Ohtani, H. and Old, L. J. and Odunsi, K.},
   title = {Intraepithelial CD8+ tumor-infiltrating lymphocytes and a high CD8+/regulatory T cell ratio are associated with favorable prognosis in ovarian cancer},
   journal = {Proc Natl Acad Sci U S A},
   volume = {102},
   number = {51},
   pages = {18538-43},
   ISSN = {0027-8424},
   DOI = {10.1073/pnas.0509182102},
   url = {https://www.ncbi.nlm.nih.gov/pubmed/16344461},
   year = {2005},
   type = {Journal Article}
}

@article{RN20,
   author = {Song, H. and Cicek, M. S. and Dicks, E. and Harrington, P. and Ramus, S. J. and Cunningham, J. M. and Fridley, B. L. and Tyrer, J. P. and Alsop, J. and Jimenez-Linan, M. and Gayther, S. A. and Goode, E. L. and Pharoah, P. D.},
   title = {The contribution of deleterious germline mutations in BRCA1, BRCA2 and the mismatch repair genes to ovarian cancer in the population},
   journal = {Hum Mol Genet},
   volume = {23},
   number = {17},
   pages = {4703-9},
   ISSN = {1460-2083},
   DOI = {10.1093/hmg/ddu172},
   url = {https://www.ncbi.nlm.nih.gov/pubmed/24728189},
   year = {2014},
   type = {Journal Article}
}

@article{RN16,
   author = {Song, H. and Ramus, S. J. and Quaye, L. and DiCioccio, R. A. and Tyrer, J. and Lomas, E. and Shadforth, D. and Hogdall, E. and Hogdall, C. and McGuire, V. and Whittemore, A. S. and Easton, D. F. and Ponder, B. A. and Kjaer, S. K. and Pharoah, P. D. and Gayther, S. A.},
   title = {Common variants in mismatch repair genes and risk of invasive ovarian cancer},
   journal = {Carcinogenesis},
   volume = {27},
   number = {11},
   pages = {2235-42},
   ISSN = {0143-3334},
   DOI = {10.1093/carcin/bgl089},
   url = {https://www.ncbi.nlm.nih.gov/pubmed/16774946},
   year = {2006},
   type = {Journal Article}
}
@article{Posselt2016Sep,
	author = {Posselt, Rebecca and Erlenbach-W{\ifmmode\ddot{u}\else\"{u}\fi}nsch, Katharina and Haas, Matthias and Je{$\Delta$}berger, Jonas and B{\ifmmode\ddot{u}\else\"{u}\fi}ttner-Herold, Maike and Haderlein, Marlen and Hecht, Markus and Hartmann, Arndt and Fietkau, Rainer and Distel, Luitpold V.},
	title = {{Spatial distribution of FoxP3+ and CD8+ tumour infiltrating T cells reflects their functional activity}},
	journal = {Oncotarget},
	volume = {7},
	number = {37},
	pages = {60383},
	year = {2016},
	month = {Sep},
	publisher = {Impact Journals, LLC},
	doi = {10.18632/oncotarget.11039}
}

@article{YangMacrophage,
   author = {Yang, M. and McKay, D. and Pollard, J. W. and Lewis, C. E.},
   title = {Diverse Functions of Macrophages in Different Tumor Microenvironments},
   journal = {Cancer Res},
   volume = {78},
   number = {19},
   pages = {5492-5503},
   ISSN = {1538-7445},
   DOI = {10.1158/0008-5472.CAN-18-1367},
   url = {https://www.ncbi.nlm.nih.gov/pubmed/30206177},
   year = {2018},
   type = {Journal Article}
}

@article{ZhangTcells2003,
   author = {Zhang, L. and Conejo-Garcia, J. R. and Katsaros, D. and Gimotty, P. A. and Massobrio, M. and Regnani, G. and Makrigiannakis, A. and Gray, H. and Schlienger, K. and Liebman, M. N. and Rubin, S. C. and Coukos, G.},
   title = {Intratumoral T cells, recurrence, and survival in epithelial ovarian cancer},
   journal = {N Engl J Med},
   volume = {348},
   number = {3},
   pages = {203-13},
   ISSN = {1533-4406},
   DOI = {10.1056/NEJMoa020177},
   url = {https://www.ncbi.nlm.nih.gov/pubmed/12529460},
   year = {2003},
   type = {Journal Article}
}

@misc{BibEntry2017Mar,
	year = {2017},
	month = {Mar},
	note = {[Online; accessed 12. Jan. 2020]},
	url = {https://cartographymaster.eu/wp-content/theses/2015_Smita_Thesis.pdf}
}

@article{li2018intratumoral,
  title={The intratumoral distribution influences the prognostic impact of CD68-and CD204-positive macrophages in non-small cell lung cancer},
  author={Li, Zhuo and Maeda, Daichi and Yoshida, Makoto and Umakoshi, Michinobu and Nanjo, Hiroshi and Shiraishi, Kouya and Saito, Motonobu and Kohno, Takashi and Konno, Hayato and Saito, Hajime and others},
  journal={Lung Cancer},
  volume={123},
  pages={127--135},
  year={2018},
  publisher={Elsevier}
}

@article{bi2012dbscan,
  title={DBSCAN: density-based spatial clustering of applications with noise},
  author={Bi, FM and Wang, WK and Chen, Long},
  journal={J. Nanjing Univ},
  volume={48},
  number={4},
  pages={491--498},
  year={2012}
}


@article{ZhangMacrophage2014,
   author = {Zhang, M. and He, Y. and Sun, X. and Li, Q. and Wang, W. and Zhao, A. and Di, W.},
   title = {A high M1/M2 ratio of tumor-associated macrophages is associated with extended survival in ovarian cancer patients},
   journal = {J Ovarian Res},
   volume = {7},
   pages = {19},
   ISSN = {1757-2215},
   DOI = {10.1186/1757-2215-7-19},
   url = {https://www.ncbi.nlm.nih.gov/pubmed/24507759},
   year = {2014},
   type = {Journal Article}
}

@article{RN30,
   author = {Zhang, Q. W. and Liu, L. and Gong, C. Y. and Shi, H. S. and Zeng, Y. H. and Wang, X. Z. and Zhao, Y. W. and Wei, Y. Q.},
   title = {Prognostic significance of tumor-associated macrophages in solid tumor: a meta-analysis of the literature},
   journal = {PLoS One},
   volume = {7},
   number = {12},
   pages = {e50946},
   ISSN = {1932-6203},
   DOI = {10.1371/journal.pone.0050946},
   url = {https://www.ncbi.nlm.nih.gov/pubmed/23284651},
   year = {2012},
   type = {Journal Article}
}

@article{RN14,
   author = {Zhou, X. and Hao, Q. and Lu, H.},
   title = {Mutant p53 in cancer therapy-the barrier or the path},
   journal = {J Mol Cell Biol},
   volume = {11},
   number = {4},
   pages = {293-305},
   ISSN = {1759-4685},
   DOI = {10.1093/jmcb/mjy072},
   url = {https://www.ncbi.nlm.nih.gov/pubmed/30508182},
   year = {2019},
   type = {Journal Article}
}

@article{Lisio2019Feb,
	author = {Lisio, Michael-Antony and Fu, Lili and Goyeneche, Alicia and Gao, Zu-hua and Telleria, Carlos},
	title = {{High-Grade Serous Ovarian Cancer: Basic Sciences, Clinical and Therapeutic Standpoints}},
	journal = {Int. J. Mol. Sci.},
	volume = {20},
	number = {4},
	year = {2019},
	month = {Feb},
	publisher = {Multidisciplinary Digital Publishing Institute (MDPI)},
	doi = {10.3390/ijms20040952}
}


@article{Fonteijn2012Apr,
	author = {Fonteijn, Hubert M. and Modat, Marc and Clarkson, Matthew J. and Barnes, Josephine and Lehmann, Manja and Hobbs, Nicola Z. and Scahill, Rachael I. and Tabrizi, Sarah J. and Ourselin, Sebastien and Fox, Nick C. and Alexander, Daniel C.},
	title = {{An event-based model for disease progression and its application in familial Alzheimer's disease and Huntington's disease}},
	journal = {NeuroImage},
	volume = {60},
	number = {3},
	pages = {1880--1889},
	year = {2012},
	month = {Apr},
	issn = {1053-8119},
	publisher = {Academic Press},
	doi = {10.1016/j.neuroimage.2012.01.062}
}

@article{murakami2016establishment,
  title={Establishment of a novel histopathological classification of high-grade serous ovarian carcinoma correlated with prognostically distinct gene expression subtypes},
  author={Murakami, Ryusuke and Matsumura, Noriomi and Mandai, Masaki and Yoshihara, Kosuke and Tanabe, Hiroshi and Nakai, Hidekatsu and Yamanoi, Koji and Abiko, Kaoru and Yoshioka, Yumiko and Hamanishi, Junzo and others},
  journal={The American journal of pathology},
  volume={186},
  number={5},
  pages={1103--1113},
  year={2016},
  publisher={Elsevier}
}

@article{Perren2011Dec,
	author = {Perren, Timothy J. and Swart, Ann Marie and Pfisterer, Jacobus and Ledermann, Jonathan A. and Pujade-Lauraine, Eric and Kristensen, Gunnar and Carey, Mark S. and Beale, Philip and Cervantes, Andr{\ifmmode\acute{e}\else\'{e}\fi}s and Kurzeder, Christian and Bois, Andreas du and Sehouli, Jalid and Kimmig, Rainer and St{\ifmmode\ddot{a}\else\"{a}\fi}hle, Anne and Collinson, Fiona and Essapen, Sharadah and Gourley, Charlie and Lortholary, Alain and Selle, Fr{\ifmmode\acute{e}\else\'{e}\fi}d{\ifmmode\acute{e}\else\'{e}\fi}ric and Mirza, Mansoor R. and Leminen, Arto and Plante, Marie and Stark, Dan and Qian, Wendi and Parmar, Mahesh K. B. and Oza, Amit M.},
	title = {{A Phase 3 Trial of Bevacizumab in Ovarian Cancer}},
	journal = {N. Engl. J. Med.},
	volume = {365},
	number = {26},
	pages = {2484--2496},
	year = {2011},
	month = {Dec},
	issn = {1533-4406},
	publisher = {Massachusetts Medical Society},
	doi = {10.1056/NEJMoa1103799}
}


@misc{BibEntry2020Jan,
	title = {{ICON7 {$\vert$} MRC Clinical Trials Unit at UCL}},
	journal = {MRC Clinical Trials Unit at UCL},
	year = {2020},
	month = {Jan},
	note = {[Online; accessed 14. Jan. 2020]},
	url = {https://www.ctu.mrc.ac.uk/studies/all-studies/i/icon7}
}

@article{Chouaib2012Feb,
	author = {Chouaib, Salem and Messai, Yosra and Couve, Sophie and Escudier, Bernard and Hasmim, Meriem and Noman, Muhammad Zaeem},
	title = {{Hypoxia Promotes Tumor Growth in Linking Angiogenesis to Immune Escape}},
	journal = {Front. Immunol.},
	volume = {3},
	year = {2012},
	month = {Feb},
	issn = {1664-3224},
	publisher = {Frontiers},
	doi = {10.3389/fimmu.2012.00021}
}

@article{Schwarz2015Feb,
	author = {Schwarz, Roland F. and Ng, Charlotte K. Y. and Cooke, Susanna L. and Newman, Scott and Temple, Jillian and Piskorz, Anna M. and Gale, Davina and Sayal, Karen and Murtaza, Muhammed and Baldwin, Peter J. and Rosenfeld, Nitzan and Earl, Helena M. and Sala, Evis and Jimenez-Linan, Mercedes and Parkinson, Christine A. and Markowetz, Florian and Brenton, James D.},
	title = {{Spatial and Temporal Heterogeneity in High-Grade Serous Ovarian Cancer: A Phylogenetic Analysis}},
	journal = {PLoS Med.},
	volume = {12},
	number = {2},
	pages = {e1001789},
	year = {2015},
	month = {Feb},
	issn = {1549-1676},
	publisher = {Public Library of Science},
	doi = {10.1371/journal.pmed.1001789}
}

@article{Mohanty2019Jun,
	author = {Mohanty, Sambit K. and Tiwari, Ankit and Singh, Charanjeet and Walsh, Christine and Chuang, Fai and Kim, Evelyn and Singh, Kanwaljit and Dadmanesh, Farnaz},
	title = {{High-grade ovarian serous carcinomas: Significant correlation of histologic patterns with IMP3 and E-Cadherin predicting disease recurrence and survival}},
	journal = {Ann. Diagn. Pathol.},
	volume = {40},
	pages = {30--39},
	year = {2019},
	month = {Jun},
	issn = {1532-8198},
	publisher = {Elsevier Inc},
	doi = {10.1016/j.anndiagpath.2019.02.013}
}

@article{Townsend2013Dec,
	author = {Townsend, Katelin N. and Spowart, Jaeline E. and Huwait, Hassan and Eshragh, Sima and West, Nathan R. and Elrick, Mary A. and Kalloger, Steve E. and Anglesio, Michael and Watson, Peter H. and Huntsman, David G. and Lum, Julian J.},
	title = {{Markers of T Cell Infiltration and Function Associate with Favorable Outcome in Vascularized High-Grade Serous Ovarian Carcinoma}},
	journal = {PLoS One},
	volume = {8},
	number = {12},
	pages = {e82406},
	year = {2013},
	month = {Dec},
	issn = {1932-6203},
	publisher = {Public Library of Science},
	doi = {10.1371/journal.pone.0082406}
}

@article{Kandalaft2011Mar,
	author = {Kandalaft, Lana E. and Motz, Gregory T. and Duraiswamy, Jaikumar and Coukos, George},
	title = {{Tumor immune surveillance and ovarian cancer}},
	journal = {Cancer Metastasis Rev.},
	volume = {30},
	number = {1},
	pages = {141--151},
	year = {2011},
	month = {Mar},
	issn = {1573-7233},
	publisher = {Springer US},
	doi = {10.1007/s10555-011-9289-9}
}

@article{Chouaib2012Feb,
	author = {Chouaib, Salem and Messai, Yosra and Couve, Sophie and Escudier, Bernard and Hasmim, Meriem and Noman, Muhammad Zaeem},
	title = {{Hypoxia Promotes Tumor Growth in Linking Angiogenesis to Immune Escape}},
	journal = {Front. Immunol.},
	volume = {3},
	year = {2012},
	month = {Feb},
	issn = {1664-3224},
	publisher = {Frontiers},
	doi = {10.3389/fimmu.2012.00021}
}

@article{Nawaz2015Feb,
	author = {Nawaz, Sidra and Heindl, Andreas and Koelble, Konrad and Yuan, Yinyin},
	title = {{Beyond immune density: critical role of spatial heterogeneity in estrogen receptor-negative breast cancer}},
	journal = {Mod. Pathol.},
	volume = {28},
	number = {6},
	pages = {766--777},
	year = {2015},
	month = {Feb},
	issn = {1530-0285},
	publisher = {Nature Publishing Group},
	doi = {10.1038/modpathol.2015.37}
}

@article{Daponte2008Dec,
	author = {Daponte, Alexandros and Ioannou, Maria and Mylonis, Ilias and Simos, George and Minas, Marcos and Messinis, Ioannis E. and Koukoulis, George},
	title = {{Prognostic significance of Hypoxia-Inducible Factor 1 alpha(HIF-1alpha) expression in serous ovarian cancer: an immunohistochemical study}},
	journal = {BMC Cancer},
	volume = {8},
	number = {1},
	pages = {1--10},
	year = {2008},
	month = {Dec},
	issn = {1471-2407},
	publisher = {BioMed Central},
	doi = {10.1186/1471-2407-8-335}
}

@article{Nawaz2016Sep,
	author = {Nawaz, Sidra and Yuan, Yinyin},
	title = {{Computational pathology: Exploring the spatial dimension of tumor ecology}},
	journal = {Cancer Letters},
	volume = {380},
	number = {1},
	pages = {296--303},
	year = {2016},
	month = {Sep},
	issn = {0304-3835},
	publisher = {Elsevier},
	doi = {10.1016/j.canlet.2015.11.018}
}


@article{mohanaiah2013image,
  title={Image texture feature extraction using GLCM approach},
  author={Mohanaiah, P and Sathyanarayana, P and GuruKumar, L},
  journal={International journal of scientific and research publications},
  volume={3},
  number={5},
  pages={1},
  year={2013},
  publisher={Citeseer}
}

@inproceedings{lam1996texture,
  title={Texture feature extraction using gray level gradient based co-occurence matrices},
  author={Lam, SW-C},
  booktitle={1996 IEEE International Conference on Systems, Man and Cybernetics. Information Intelligence and Systems (Cat. No. 96CH35929)},
  volume={1},
  pages={267--271},
  year={1996},
  organization={IEEE}
}

@article{haralick1973textural,
  title={Textural features for image classification},
  author={Haralick, Robert M and Shanmugam, Karthikeyan and Dinstein, Its' Hak},
  journal={IEEE Transactions on systems, man, and cybernetics},
  number={6},
  pages={610--621},
  year={1973},
  publisher={Ieee}
}

@article{Lu2019Dec,
	author = {Lu, Jun and Xu, Yu and Wu, Yuan and Huang, Xiao-yan and Xie, Jian-wei and Wang, Jia-bin and Lin, Jian-xian and Li, Ping and Zheng, Chao-hui and Huang, Ai-min and Huang, Chang-ming},
	title = {{Tumor-infiltrating CD8+ T cells combined with tumor-associated CD68+ macrophages predict postoperative prognosis and adjuvant chemotherapy benefit in resected gastric cancer}},
	journal = {BMC Cancer},
	volume = {19},
	number = {1},
	pages = {1--10},
	year = {2019},
	month = {Dec},
	issn = {1471-2407},
	publisher = {BioMed Central},
	doi = {10.1186/s12885-019-6089-z}
}


@article{Giraldo2018,
	author = {Giraldo, Nicolas A. and Nguyen, Peter and Engle, Elizabeth L. and Kaunitz, Genevieve J. and Cottrell, Tricia R. and Berry, Sneha and Green, Benjamin and Soni, Abha and Cuda, Jonathan D. and Stein, Julie E. and Sunshine, Joel C. and Succaria, Farah and Xu, Haiying and Ogurtsova, Aleksandra and Danilova, Ludmila and Church, Candice D. and Miller, Natalie J. and Fling, Steve and Lundgren, Lisa and Ramchurren, Nirasha and Yearley, Jennifer H. and Lipson, Evan J. and Cheever, Mac and Anders, Robert A. and Nghiem, Paul T. and Topalian, Suzanne L. and Taube, Janis M.},
	title = {{Multidimensional, quantitative assessment of PD-1/PD-L1 expression in patients with Merkel cell carcinoma and association with response to pembrolizumab}},
	journal = {J. ImmunoTher. Cancer},
	volume = {6},
	year = {2018},
	publisher = {BioMed Central},
	doi = {10.1186/s40425-018-0404-0}
}

@article{Drakes2018,
	author = {Drakes, Maureen L. and Mehrotra, Swati and Aldulescu, Monica and Potkul, Ronald K. and Liu, Yueying and Grisoli, Anne and Joyce, Cara and O{'}Brien, Timothy E. and Stack, M. Sharon and Stiff, Patrick J.},
	title = {{Stratification of ovarian tumor pathology by expression of programmed cell death-1 (PD-1) and PD-ligand- 1 (PD-L1) in ovarian cancer}},
	journal = {Journal of Ovarian Research},
	volume = {11},
	year = {2018},
	publisher = {BioMed Central},
	doi = {10.1186/s13048-018-0414-z}
}

@inproceedings{ester1996density,
  title={A density-based algorithm for discovering clusters in large spatial databases with noise.},
  author={Ester, Martin and Kriegel, Hans-Peter and Sander, J{\"o}rg and Xu, Xiaowei and others},
  booktitle={Kdd},
  volume={96},
  number={34},
  pages={226--231},
  year={1996}
}

@article{piskorz2016methanol,
  title={Methanol-based fixation is superior to buffered formalin for next-generation sequencing of DNA from clinical cancer samples},
  author={Piskorz, AM and Ennis, D and Macintyre, Geoff and Goranova, TE and Eldridge, M and Segui-Gracia, N and Valganon, M and Hoyle, A and Orange, C and Moore, Luiza and others},
  journal={Annals of Oncology},
  volume={27},
  number={3},
  pages={532--539},
  year={2016},
  publisher={Oxford University Press}
}

@article{kobel2016optimized,
  title={Optimized p53 immunohistochemistry is an accurate predictor of TP53 mutation in ovarian carcinoma},
  author={K{\"o}bel, Martin and Piskorz, Anna M and Lee, Sandra and Lui, Shuhong and LePage, Cecile and Marass, Francesco and Rosenfeld, Nitzan and Mes Masson, Anne-Marie and Brenton, James D},
  journal={The Journal of Pathology: Clinical Research},
  volume={2},
  number={4},
  pages={247--258},
  year={2016},
  publisher={Wiley Online Library}
}

@article{martins2014combined,
  title={Combined image and genomic analysis of high-grade serous ovarian cancer reveals PTEN loss as a common driver event and prognostic classifier},
  author={Martins, Filipe C and de Santiago, Ines and Trinh, Anne and Xian, Jian and Guo, Anne and Sayal, Karen and Jimenez-Linan, Mercedes and Deen, Suha and Driver, Kristy and Mack, Marie and others},
  journal={Genome biology},
  volume={15},
  number={12},
  pages={526},
  year={2014},
  publisher={BioMed Central}
}


@article{Yang2017Dec,
	author = {Yang, Zongyuan and Yang, Xin and Xu, Sen and Jin, Ping and Li, Xiaoting and Wei, Xiao and Liu, Dan and Huang, Kecheng and Long, Sixiang and Wang, Ya and Sun, Chaoyang and Chen, Gang and Hu, Junbo and Meng, Li and Ma, Ding and Gao, Qinglei},
	title = {{Reprogramming of stromal fibroblasts by SNAI2 contributes to tumor desmoplasia and ovarian cancer progression}},
	journal = {Mol. Cancer},
	volume = {16},
	number = {1},
	pages = {1--15},
	year = {2017},
	month = {Dec},
	issn = {1476-4598},
	publisher = {BioMed Central},
	doi = {10.1186/s12943-017-0732-6}
}

@article{Furuya2012Sep,
	author = {Furuya, Mitsuko},
	title = {{Ovarian Cancer Stroma: Pathophysiology and the Roles in Cancer Development}},
	journal = {Cancers},
	volume = {4},
	number = {3},
	pages = {701},
	year = {2012},
	month = {Sep},
	publisher = {Multidisciplinary Digital Publishing Institute (MDPI)},
	doi = {10.3390/cancers4030701}
}


@article{Cho2015,
	author = {Cho, Angela and Howell, Viive M. and Colvin, Emily K.},
	title = {{The Extracellular Matrix in Epithelial Ovarian Cancer {\textendash} A Piece of a Puzzle}},
	journal = {Front. Oncol.},
	volume = {5},
	year = {2015},
	publisher = {Frontiers Media SA},
	doi = {10.3389/fonc.2015.00245}
}

@article{Natarajan2019Jan,
	author = {Natarajan, Suchitra and Foreman, Kaitlyn M. and Soriano, Michaela I. and Rossen, Ninna S. and Shehade, Hussein and Fregoso, Daniel R. and Eggold, Joshua T. and Krishnan, Venkatesh and Dorigo, Oliver and Krieg, Adam J. and Heilshorn, Sarah C. and Sinha, Subarna and Fuh, Katherine C. and Rankin, Erinn B.},
	title = {{Collagen remodeling in the hypoxic tumor-mesothelial niche promotes ovarian cancer metastasis}},
	journal = {Cancer Res.},
	year = {2019},
	month = {Jan},
	issn = {0008-5472},
	publisher = {American Association for Cancer Research},
	doi = {10.1158/0008-5472.CAN-18-2616}
}

@article{Sherman-Baust2003Apr,
	author = {Sherman-Baust, Cheryl A. and Weeraratna, Ashani T. and Rangel, Leticia B. A. and Pizer, Ellen S. and Cho, Kathleen R. and Schwartz, Donald R. and Shock, Teresa and Morin, Patrice J.},
	title = {{Remodeling of the extracellular matrix through overexpression of collagen VI contributes to cisplatin resistance in ovarian cancer cells}},
	journal = {Cancer Cell},
	volume = {3},
	number = {4},
	pages = {377--386},
	year = {2003},
	month = {Apr},
	issn = {1535-6108},
	publisher = {Cell Press},
	doi = {10.1016/S1535-6108(03)00058-8}
}
@article{Davidson2014,
	author = {Davidson, Ben and Trope, Claes G. and Reich, Reuven},
	title = {{The Role of the Tumor Stroma in Ovarian Cancer}},
	journal = {Front. Oncol.},
	volume = {4},
	year = {2014},
	publisher = {Frontiers Media SA},
	doi = {10.3389/fonc.2014.00104}
}

@article{Pinto1985Jan,
	author = {Pinto, Ann L. and Lippard, Stephen J.},
	title = {{Binding of the antitumor drug cis-diamminedichloroplatinum(II) (cisplatin) to DNA}},
	journal = {Biochimica et Biophysica Acta (BBA) - Reviews on Cancer},
	volume = {780},
	number = {3},
	pages = {167--180},
	year = {1985},
	month = {Jan},
	issn = {0304-419X},
	publisher = {Elsevier},
	doi = {10.1016/0304-419X(85)90001-0}
}

@article{Kartalou2001Jul,
	author = {Kartalou, Maria and Essigmann, John M.},
	title = {{Mechanisms of resistance to cisplatin}},
	journal = {Mutation Research/Fundamental and Molecular Mechanisms of Mutagenesis},
	volume = {478},
	number = {1},
	pages = {23--43},
	year = {2001},
	month = {Jul},
	issn = {0027-5107},
	publisher = {Elsevier},
	doi = {10.1016/S0027-5107(01)00141-5}
}

@article{Fleszar2018Apr,
	author = {Fleszar, Andrew J. and Walker, Alyssa and Porubsky, Veronica and Flanigan, Will and James, Darian and Campagnola, Paul J. and Weisman, Paul S. and Kreeger, Pamela K.},
	title = {{The Extracellular Matrix of Ovarian Cortical Inclusion Cysts Modulates Invasion of Fallopian Tube Epithelial Cells}},
	journal = {APL Bioeng.},
	volume = {APL},
	number = {Bioeng.},
	pages = {2018;2},
	year = {2018},
	month = {Apr},
	issn = {2473-2877},
	doi = {10.1063/1.5022595}
}

@article{Campbell2018Jun,
	author = {Campbell, Kirby R. and Chaudhary, Rajeev and Handel, Julia M. and Patankar, Manish S. and Campagnola, Paul J.},
	title = {{Polarization-resolved second harmonic generation imaging of human ovarian cancer}},
	journal = {J. Biomed. Opt.},
	volume = {23},
	number = {6},
	pages = {1--8},
	year = {2018},
	month = {Jun},
	issn = {1560-2281},
	publisher = {(2018Society of Photo-Optical Instrumentation Engineers (SPIE).},
	doi = {10.1117/1.JBO.23.6.066501}
}


@article{Campbell2017Nov,
	author = {Campbell, Kirby R. and Campagnola, Paul J.},
	title = {{Assessing local stromal alterations in human ovarian cancer subtypes via second harmonic generation microscopy and analysis}},
	journal = {J. Biomed. Opt.},
	volume = {22},
	number = {11},
	pages = {1--7},
	year = {2017},
	month = {Nov},
	issn = {1560-2281},
	publisher = {(2017Society of Photo-Optical Instrumentation Engineers (SPIE).},
	doi = {10.1117/1.JBO.22.11.116008}
}

@article{Campbell2017Oct,
	author = {Campbell, Kirby R. and Wen, Bruce and Shelton, Emily M. and Swader, Robert and Cox, Benjamin L. and Eliceiri, Kevin and Campagnola, Paul J.},
	title = {{3D second harmonic generation imaging tomography by multi-view excitation}},
	journal = {Optica},
	volume = {4},
	number = {10},
	pages = {1171--1179},
	year = {2017},
	month = {Oct},
	issn = {2334-2536},
	doi = {10.1364/OPTICA.4.001171}
}


@article{Ajeti2017Aug,
	author = {Ajeti, Visar and Lara-Santiago, Jorge and Alkmin, Samuel and Campagnola, Paul J.},
	title = {{Ovarian and Breast Cancer Migration Dynamics on Laminin and Fibronectin Bidirectional Gradient Fibers Fabricated via Multiphoton Excited Photochemistry}},
	journal = {Cell. Mol. Bioeng.},
	volume = {10},
	pages = {295--311},
	year = {2017},
	month = {Aug},
	issn = {1865-5025},
	doi = {10.1007/s12195-017-0492-9}
}

@article{Rentchler2019Nov,
	author = {Rentchler, Eric C. and Gant, Kristal L. and Drapkin, Ronny and Patankar, Manish and J. Campagnola, Paul},
	title = {{Imaging Collagen Alterations in STICs and High Grade Ovarian Cancers in the Fallopian Tubes by Second Harmonic Generation Microscopy}},
	journal = {Cancers},
	volume = {11},
	number = {11},
	pages = {1805},
	year = {2019},
	month = {Nov},
	issn = {2072-6694},
	publisher = {Multidisciplinary Digital Publishing Institute},
	doi = {10.3390/cancers11111805}
}


@article{januchowski2016increased,
  title={Increased expression of several collagen genes is associated with drug resistance in ovarian cancer cell lines},
  author={Januchowski, Rados{\l}aw and {\'S}wierczewska, Monika and Sterzy{\'n}ska, Karolina and Wojtowicz, Karolina and Nowicki, Micha{\l} and Zabel, Maciej},
  journal={Journal of Cancer},
  volume={7},
  number={10},
  pages={1295},
  year={2016},
  publisher={Ivyspring International Publisher}
}

@article{natarajan2019collagen,
  title={Collagen remodeling in the hypoxic tumor-mesothelial niche promotes ovarian cancer metastasis},
  author={Natarajan, Suchitra and Foreman, Kaitlyn M and Soriano, Michaela I and Rossen, Ninna S and Shehade, Hussein and Fregoso, Daniel R and Eggold, Joshua T and Krishnan, Venkatesh and Dorigo, Oliver and Krieg, Adam J and others},
  journal={Cancer research},
  volume={79},
  number={9},
  pages={2271--2284},
  year={2019},
  publisher={AACR}
}

@article{mcintire2018hot,
  title={Hot spot and whole-tumor enumeration of CD8+ tumor-infiltrating lymphocytes utilizing digital image analysis is prognostic in triple-negative breast cancer},
  author={McIntire, Patrick J and Irshaid, Lina and Liu, Yifang and Chen, Zhengming and Menken, Faith and Nowak, Eugene and Shin, Sandra J and Ginter, Paula S},
  journal={Clinical breast cancer},
  volume={18},
  number={6},
  pages={451--458},
  year={2018},
  publisher={Elsevier}
}

@article{Dercle2017Aug,
	author = {Dercle, Laurent and Ammari, Samy and Bateson, Mathilde and Durand, Paul Blanc and Haspinger, Eva and Massard, Christophe and Jaudet, Cyril and Varga, Andrea and Deutsch, Eric and Soria, Jean-Charles and Fert{\ifmmode\acute{e}\else\'{e}\fi}, Charles},
	title = {{Limits of radiomic-based entropy as a surrogate of tumor heterogeneity: ROI-area, acquisition protocol and tissue site exert substantial influence}},
	journal = {Sci. Rep.},
	volume = {7},
	number = {1},
	pages = {7952},
	year = {2017},
	month = {Aug},
	issn = {2045-2322},
	doi = {10.1038/s41598-017-08310-5}
}

@article{Setiadi2010Aug,
	author = {Setiadi, A. Francesca and Ray, Nelson C. and Kohrt, Holbrook E. and Kapelner, Adam and Carcamo-Cavazos, Valeria and Levic, Edina B. and Yadegarynia, Sina and van der Loos, Chris M. and Schwartz, Erich J. and Holmes, Susan and Lee, Peter P.},
	title = {{Quantitative, Architectural Analysis of Immune Cell Subsets in Tumor-Draining Lymph Nodes from Breast Cancer Patients and Healthy Lymph Nodes}},
	journal = {PLoS One},
	volume = {5},
	number = {8},
	pages = {e12420},
	year = {2010},
	month = {Aug},
	issn = {1932-6203},
	publisher = {Public Library of Science},
	doi = {10.1371/journal.pone.0012420}
}

@article{Kayser2017Aug,
	author = {Kayser, Gian and G{\ifmmode\ddot{o}\else\"{o}\fi}rtler, J{\ifmmode\ddot{u}\else\"{u}\fi}rgen and Weis, Cleo Aron and Borkenfeld, Stephan and Kayser, Klaus},
	title = {{The application of structural entropy in tissue based diagnosis}},
	journal = {Diagn. Pathol.},
	volume = {3},
	number = {1},
	year = {2017},
	month = {Aug},
	issn = {2364-4893},
	doi = {10.17629/www.diagnosticpathology.eu-2017-3:251}
}

@article{Shannon1948Jul,
	author = {Shannon, C. E.},
	title = {{A Mathematical Theory of Communication}},
	journal = {Bell System Technical Journal},
	volume = {27},
	number = {3},
	pages = {379--423},
	year = {1948},
	month = {Jul},
	issn = {0005-8580},
	publisher = {John Wiley {\&} Sons, Ltd},
	doi = {10.1002/j.1538-7305.1948.tb01338.x}
}

@inproceedings{rahmah2016determination,
  title={Determination of optimal epsilon (eps) value on dbscan algorithm to clustering data on peatland hotspots in sumatra},
  author={Rahmah, Nadia and Sitanggang, Imas Sukaesih},
  booktitle={IOP Conference Series: Earth and Environmental Science},
  volume={31},
  number={1},
  pages={012012},
  year={2016},
  organization={IOP Publishing}
}

@article{Wells2015Apr,
	author = {Wells, Daniel K. and Chuang, Yishan and Knapp, Louis M. and Brockmann, Dirk and Kath, William L. and Leonard, Joshua N.},
	title = {{Spatial and Functional Heterogeneities Shape Collective Behavior of Tumor-Immune Networks}},
	journal = {PLoS Comput. Biol.},
	volume = {11},
	number = {4},
	year = {2015},
	month = {Apr},
	publisher = {Public Library of Science},
	doi = {10.1371/journal.pcbi.1004181}
}